%%% Add references here
%% E.g.,

% @article{vapnik1994measuring,
%   title={Measuring the VC-dimension of a learning machine},
%   author={Vapnik, Vladimir and Levin, Esther and Cun, Yann Le},
%   journal={Neural computation},
%   volume={6},
%   number={5},
%   pages={851--876},
%   year={1994},
%   publisher={MIT Press}
% }

@article{eduardf1,
  title={Humans forget, machines remember: artificial
intelligence and the right to be forgotten},
  author={Eduard Fosch, Villaronga and Peter, Kieseberg and Li, Tiffany},
  journal={Computer Law and Security Review},
  year={2018},
  publisher={Elsevier}
}

@article{Brophy,
  title={Machine Unlearning for Random Forests},
  author={Brophy, Jonathan and Daniel, Lowd},
  journal={ICML},
  year={2021}
}

@article{Schelter,
  title={HedgeCut: Maintaining Randomised Trees
for Low-Latency Machine Unlearning},
  author={Sebastian Schelter and Stefan, Grafberger and Ted, Dunning},
  journal={ACM SIGMOD},
  year={March, 2021}
}

@article{BrophyDart,
  title={DART: Data Addition and Removal Trees},
  author={Brophy, Jonathan and Daniel, Lowd},
  journal={CoRR abs/2009.05567},
  year={2020}
}
